<?xml version="1.0" encoding="UTF-8"?>
<record xmlns="http://www.loc.gov/MARC21/slim" xmlns:xsi="http://www.w3.org/2001/XMLSchema-instance" xsi:schemaLocation="http://www.loc.gov/MARC21/slim http://www.loc.gov/standards/marcxml/schema/MARC21slim.xsd">
<leader>     cam a2200241 a 4500</leader>
<controlfield tag="001">002853352</controlfield>
<controlfield tag="003">NNU</controlfield>
<controlfield tag="005">20061010172053.0</controlfield>
<controlfield tag="008">870730s1948    ua            000 0 ara d</controlfield>
<datafield tag="035" ind1="9" ind2=" ">
<subfield code="a">NYUb10567403</subfield>
</datafield>
<datafield tag="035" ind1=" " ind2=" ">
<subfield code="a">(CStRLIN)NYUG87-B24862</subfield>
</datafield>
<datafield tag="040" ind1=" " ind2=" ">
<subfield code="a">NNU</subfield>
<subfield code="c">NNU</subfield>
</datafield>
<datafield tag="066" ind1=" " ind2=" ">
<subfield code="c">(3</subfield>
</datafield>
<datafield tag="090" ind1=" " ind2=" ">
<subfield code="a">PJ7700.A3</subfield>
<subfield code="b">A4 1948</subfield>
</datafield>
<datafield tag="100" ind1="0" ind2=" ">
<subfield code="a">Abū Ḥanīfah,</subfield>
<subfield code="d">d. 767 or 8</subfield>
<subfield code="6">880-01</subfield>
</datafield>
<datafield tag="245" ind1="1" ind2="3">
<subfield code="6">880-02</subfield>
<subfield code="a">al-ʻĀlim wa-al-mutʻalim :</subfield>
<subfield code="b">riwāyat Abī Muqātil ʻan Abī Ḥanīfah. wa-yalīhu Risālat Abū Ḥanīfah ilá ʻUthmān al-Batī thumma al-fiqh al-Absaṭ riwāyat Abū Muṭīʻ ʻan Abū Ḥanīfah /</subfield>
<subfield code="c">taḥqīq Muḥammad Zāhid al-Kawtharī.</subfield>
</datafield>
<datafield tag="260" ind1=" " ind2=" ">
<subfield code="6">880-03</subfield>
<subfield code="a">al-Qāhirah :</subfield>
<subfield code="b">Maṭbaʻat al-Anwār,</subfield>
<subfield code="c">1368 [1948]</subfield>
</datafield>
<datafield tag="300" ind1=" " ind2=" ">
<subfield code="a">60 p. ;</subfield>
<subfield code="c">24 cm.</subfield>
</datafield>
<datafield tag="700" ind1="1" ind2=" ">
<subfield code="6">880-04</subfield>
<subfield code="a">Kawtharī, Muḥammad Zāhid al-Ḥasan.</subfield>
</datafield>
<datafield tag="880" ind1="0" ind2=" ">
<subfield code="6">100-01/</subfield>
<subfield code="a">أبو حنيفة.</subfield>
</datafield>
<datafield tag="880" ind1="1" ind2="2">
<subfield code="6">245-02/</subfield>
<subfield code="a">العالم والمتعلم :</subfield>
<subfield code="b">رواية أبي مقاتل عن أبي حنيفة. ويليه رسالة ألي حنيفة الى عثمان البتي ثم الفقه الأبسط رواية أبي مطيع عن ألي حنيفة /</subfield>
<subfield code="c">تحقيق محمد زاهد الكوثري.</subfield>
</datafield>
<datafield tag="880" ind1=" " ind2=" ">
<subfield code="6">260-03/</subfield>
<subfield code="a">القاهرة :</subfield>
<subfield code="b">مطبعة الأنوار،</subfield>
<subfield code="c">١٣٦٨.</subfield>
</datafield>
<datafield tag="880" ind1="1" ind2=" ">
<subfield code="6">700-04/</subfield>
<subfield code="a">كوثري، محمد زاهد الحسن.</subfield>
</datafield>
<datafield tag="OWN" ind1=" " ind2=" ">
<subfield code="a">GENERAL</subfield>
</datafield>
<datafield tag="998" ind1=" " ind2=" ">
<subfield code="a">20010828</subfield>
<subfield code="d">19870730</subfield>
<subfield code="d">20010828</subfield>
<subfield code="n">NNU</subfield>
<subfield code="s">1</subfield>
<subfield code="t">c</subfield>
<subfield code="z">p</subfield>
</datafield>
<datafield tag="AVA" ind1=" " ind2=" ">
<subfield code="a">NYU50</subfield>
<subfield code="b">BOBST</subfield>
<subfield code="c">Main Collection</subfield>
<subfield code="d">PJ7700.A3 A4 1948</subfield>
<subfield code="e">unavailable</subfield>
<subfield code="t">Unavailable</subfield>
<subfield code="f">1</subfield>
<subfield code="g">1</subfield>
<subfield code="h">N</subfield>
<subfield code="i">0</subfield>
<subfield code="j">MAIN</subfield>
<subfield code="k">0</subfield>
</datafield>
</record>
